<?xml version="1.0" encoding="utf-8"?>
<record xmlns="http://www.loc.gov/MARC21/slim" xmlns:xsi="http://www.w3.org/2001/XMLSchema-instance" xsi:schemaLocation="http://www.loc.gov/MARC21/slim http://www.loc.gov/standards/marcxml/schema/MARC21slim.xsd">
	<leader>     nam a22     Mi 4500</leader>
	<controlfield tag="001">2018930</controlfield>
	<controlfield tag="003">NNC</controlfield>
	<controlfield tag="006">m        d        </controlfield>
	<controlfield tag="007">cr cn |||m|||a</controlfield>
	<controlfield tag="008">180920m19521963ua c    o     000 0 arard</controlfield>
	<datafield ind1=" " ind2=" " tag="040">
		<subfield code="a">ZYU</subfield>
		<subfield code="b">ara</subfield>
		<subfield code="e">rda</subfield>
		<subfield code="c">ZYU</subfield>
	</datafield>
	<datafield ind1=" " ind2=" " tag="043">
		<subfield code="a">f-ua---</subfield>
	</datafield>
	<datafield ind1="1" ind2="4" tag="050">
		<subfield code="a">PN5462</subfield>
		<subfield code="b">.H28</subfield>
	</datafield>
	<datafield ind1="1" ind2=" " tag="100">
		<subfield code="6">880-01</subfield>
		<subfield code="a">Ḥamzah, ʻAbd al-Laṭīf.</subfield>
	</datafield>
	<datafield ind1="1" ind2="0" tag="245">
		<subfield code="6">880-02</subfield>
		<subfield code="a">Adab al-maqālah al-Ṣuḥufīyah fī Miṣr /</subfield>
		<subfield code="c">taʼlīf ʻAbd al-Laṭīf Ḥamzah.</subfield>
	</datafield>
	<datafield ind1=" " ind2=" " tag="250">
		<subfield code="6">880-03</subfield>
		<subfield code="a">al-Ṭabʻah 2.</subfield>
	</datafield>
	<datafield ind1=" " ind2=" " tag="260">
		<subfield code="6">880-04</subfield>
		<subfield code="a">[Cairo] :</subfield>
		<subfield code="b">Dār al-Fikr al-ʻArabī,</subfield>
		<subfield code="c">[1952]-1963.</subfield>
	</datafield>
	<datafield ind1=" " ind2=" " tag="300">
		<subfield code="a">online resource (8 volumes) :</subfield>
		<subfield code="b">portraits</subfield>
	</datafield>
	<datafield ind1=" " ind2=" " tag="336">
		<subfield code="a">text</subfield>
		<subfield code="2">rdacontent</subfield>
	</datafield>
	<datafield ind1=" " ind2=" " tag="337">
		<subfield code="a">computer</subfield>
		<subfield code="2">rdamedia</subfield>
	</datafield>
	<datafield ind1=" " ind2=" " tag="338">
		<subfield code="a">online resource</subfield>
		<subfield code="2">rdacarrier</subfield>
	</datafield>
	<datafield ind1=" " ind2=" " tag="500">
		<subfield code="a">Vols. 5, 7-8: al-Tabʻah 1 ; v. 3 lacks edition statement.</subfield>
	</datafield>
	<datafield ind1=" " ind2=" " tag="500">
		<subfield code="a">Part of the Arabic Collections Online (ACO) project, contributed by Columbia University Libraries.</subfield>
	</datafield>
	<datafield ind1="2" ind2="0" tag="505">
		<subfield code="6">880-05</subfield>
		<subfield code="g">al-Juzʼ 3.</subfield>
		<subfield code="t">Ibrāhim al-Muwaylaḥī --</subfield>
		<subfield code="g">al-Juzʼ 4.</subfield>
		<subfield code="t">ʻAlī Yūsuf --</subfield>
		<subfield code="g">al-Juzʼ 5.</subfield>
		<subfield code="t">Muṣṭafá Kāmil --</subfield>
		<subfield code="g">al-Juzʼ 6.</subfield>
		<subfield code="t">Aḥmad Luṭfī --</subfield>
		<subfield code="g">al-Juzʼ 7.</subfield>
		<subfield code="t">Ibrāhim al-Rāfiʻ --</subfield>
		<subfield code="g">al-Juzʼ 8.</subfield>
		<subfield code="t">ʻAbd al-Qādir Ḥamzah.</subfield>
	</datafield>
	<datafield ind1=" " ind2=" " tag="533">
		<subfield code="a">Electronic reproduction.</subfield>
		<subfield code="b">New York, N.Y. :</subfield>
		<subfield code="c">New York University,</subfield>
		<subfield code="d">2018.</subfield>
		<subfield code="5">NNU</subfield>
	</datafield>
	<datafield ind1=" " ind2="0" tag="650">
		<subfield code="a">Journalism</subfield>
		<subfield code="z">Egypt.</subfield>
	</datafield>
	<datafield ind1=" " ind2="0" tag="650">
		<subfield code="a">Journalists</subfield>
		<subfield code="z">Egypt.</subfield>
	</datafield>
	<datafield ind1=" " ind2="7" tag="650">
		<subfield code="a">Journalism.</subfield>
		<subfield code="2">fast</subfield>
		<subfield code="0">(OCoLC)fst00984032</subfield>
	</datafield>
	<datafield ind1=" " ind2="7" tag="650">
		<subfield code="a">Journalists.</subfield>
		<subfield code="2">fast</subfield>
		<subfield code="0">(OCoLC)fst00984188</subfield>
	</datafield>
	<datafield ind1=" " ind2="7" tag="651">
		<subfield code="a">Egypt.</subfield>
		<subfield code="2">fast</subfield>
		<subfield code="0">(OCoLC)fst01208755</subfield>
	</datafield>
	<datafield ind1="2" ind2=" " tag="710">
		<subfield code="a">Columbia University.</subfield>
		<subfield code="b">Libraries.</subfield>
	</datafield>
	<datafield ind1="0" ind2=" " tag="730">
		<subfield code="a">Arabic Collections Online.</subfield>
	</datafield>
	<datafield ind1="0" ind2="8" tag="776">
		<subfield code="i">Online version:</subfield>
		<subfield code="a">Ḥamzah, ʻAbd al-Laṭīf.</subfield>
		<subfield code="t">Adab al-maqālah al-Ṣuḥufīyah fī Miṣr.</subfield>
		<subfield code="b">al-Ṭabʻah 2.</subfield>
		<subfield code="d">[Cairo] : Dār al-Fikr al-ʻArabī, [1952]-1963</subfield>
		<subfield code="w">(OCoLC)606344079</subfield>
	</datafield>
	<datafield ind1="0" ind2="8" tag="776">
		<subfield code="i">Print version:</subfield>
		<subfield code="a">Ḥamzah, ʻAbd al-Laṭīf.</subfield>
		<subfield code="t">Adab al-maqālah al-Ṣuḥufīyah fī Miṣr</subfield>
		<subfield code="w">(NNC)2018930</subfield>
		<subfield code="w">(DLC)ne 64001101 </subfield>
		<subfield code="w">(OCoLC)17818318</subfield>
	</datafield>
	<datafield ind1="4" ind2="0" tag="856">
		<subfield code="u">http://hdl.handle.net/2333.1/ttdz0gz7</subfield>
	</datafield>
	<datafield ind1="1" ind2=" " tag="880">
		<subfield code="6">100-01</subfield>
		<subfield code="a">حمزة، عبد اللطيف.</subfield>
	</datafield>
	<datafield ind1="1" ind2="0" tag="880">
		<subfield code="6">245-02</subfield>
		<subfield code="a">ادب المقالة الصحفية في مصر /</subfield>
		<subfield code="c">تأليف عبد اللطيف حمزة.</subfield>
	</datafield>
	<datafield ind1=" " ind2=" " tag="880">
		<subfield code="6">250-03</subfield>
		<subfield code="a">الطبعة 2.</subfield>
	</datafield>
	<datafield ind1=" " ind2=" " tag="880">
		<subfield code="6">260-04</subfield>
		<subfield code="a">[القاهرة] :</subfield>
		<subfield code="b">دار الفكر العربي،</subfield>
		<subfield code="c">[1952]-1963.</subfield>
	</datafield>
	<datafield ind1="2" ind2="0" tag="880">
		<subfield code="6">505-05</subfield>
		<subfield code="g">الجزء 3.</subfield>
		<subfield code="t">ابراهم المويلحي --</subfield>
		<subfield code="g">الجزء 4.</subfield>
		<subfield code="t">علي يوسف --</subfield>
		<subfield code="g">الجزء 5.</subfield>
		<subfield code="t">مصطفى كامل --</subfield>
		<subfield code="g">الجزء 6.</subfield>
		<subfield code="t">احمد لطفي --</subfield>
		<subfield code="g">الجزء 7.</subfield>
		<subfield code="t">ابراهم الرافع --</subfield>
		<subfield code="g">الجزء 8.</subfield>
		<subfield code="t">عبد القادر حمزة.</subfield>
	</datafield>
	<datafield ind1=" " ind2=" " tag="959">
		<subfield code="a">NNU</subfield>
		<subfield code="b">WEB</subfield>
		<subfield code="c">GENI</subfield>
		<subfield code="t">0</subfield>
		<subfield code="m">Electronic access</subfield>
		<subfield code="s">01</subfield>
	</datafield>
	<datafield ind1=" " ind2=" " tag="999">
		<subfield code="i">NNC_2018930</subfield>
		<subfield code="o">(OCoLC)ocm17818318 </subfield>
		<subfield code="s">columbia_aco003249:v.4</subfield>
		<subfield code="s">columbia_aco003250:v.5</subfield>
	</datafield>
</record>
